@online{jekyll,
    title = {Building Static Sites with Jekyll},
    date = {2011-10-11},
    url = {http://code.tutsplus.com/articles/building-static-sites-with-jekyll--net-22211},
    OPTorganization = {Envato Pty Ltd.},
    OPTurldate = {2015-09-23},
}
http://code.tutsplus.com/tutorials/beginning-with-wordpress-getting-started-with-self-hosted-wordpress--wp-32258
@online{wp,
    title = {Beginning With WordPress: Getting Started With Self-Hosted WordPress},
    date = {2013-07-23},
    url = {http://code.tutsplus.com/tutorials/beginning-with-wordpress-getting-started-with-self-hosted-wordpress--wp-32258},
    OPTorganization = {Envato Pty Ltd.},
    OPTurldate = {2015-09-23},
}
@online{aria,
    title = {ARIA},
    date = {2015-02-20},
    url = {https://developer.mozilla.org/en-US/docs/Web/Accessibility/ARIA},
    OPTorganization = {Mozilla Developer Network},
    OPTurldate = {2015-09-23},
}
